@string{SV   = "Springer-Verlag"}
@string{LNCS = "LNCS"}

@string{POT = {Proceedings of the}}
@string{SOSP = {ACM Symposium on Operating Systems Principles}}
@string{USENIX = {USENIX}}
@string{HASKELL = "Proc. ACM {SIGPLAN} Symposium on {H}askell"}
@string{PSI = "Proc. Andrei Ershov International Conference on Perspectives of System Informatics (PSI)"}
@string{TCS =  "Theoretical Computer Science"}
@string{SAS = "Proc. Symp. on Static Analysis"}
@string{ESORICS = "Proc. European Symp. on Research in Computer Security"}
@string{ASIAN = "Proc. of Asian Computing Science Conference"}
@string{CSFW = "Proc. IEEE Computer Sec. Foundations Workshop"}
@string{POPL = "Proc. ACM Symp. on Principles of Prog. Languages"}
@string{PLDI = "Proc. ACM Conference on Programming Language Design and Implementation"}
@string{CSF = "Proc. IEEE Computer Sec. Foundations Symposium"}

@inproceedings{Agten:2012:JCC,
 author = {Agten, Pieter and Van Acker, Steven and Brondsema, Yoran and Phung, Phu H. and Desmet, Lieven and Piessens, Frank},
 title = {{JSand}: complete client-side sandboxing of third-party {J}ava{S}cript without browser modifications},
 booktitle = {ACSAC},
 year = {2012},
} 

@PhdThesis{RobustComposition,
    author  = {Mark Samuel Miller},
    title   = {Robust Composition: Towards a Unified Approach to 
               Access Control and Concurrency Control},
    year    = {2006},
    month   = {May},
    school  = {Johns Hopkins University},
    address = {Baltimore, Maryland, USA}
}

@inproceedings{Ingram:2012,
 author = {Ingram, Lon and Walfish, Michael},
 title = {TreeHouse: {J}ava{S}cript sandboxes to help web developers help themselves},
 booktitle = {USENIX ATC},
 year = {2012},
} 

@inproceedings{Hedin:2012,
 author = {Hedin, Daniel and Sabelfeld, Andrei},
 title = {Information-Flow Security for a Core of {J}ava{S}cript},
 booktitle = {Proceedings of the 2012 IEEE 25th Computer Security Foundations Symposium},
 series = {CSF '12},
 year = {2012},
 publisher = {IEEE Computer Society},
} 

@inproceedings{Yip:2009:PBS,
 author = {Yip, Alexander and Narula, Neha and Krohn, Maxwell and Morris, Robert},
 title = {Privacy-preserving browser-side scripting with {BFlow}},
 booktitle = {EuroSys},
 year = {2009},
} 


@inproceedings{Akhawe2013,
  year=2013,
  booktitle={{ESORICS}},
  title={Data-Confined {HTML5} Applications},
  author={Akhawe, Devdatta and Li, Frank and He, Warren and Saxena, Prateek and Song, Dawn},
}


@inproceedings{GenLabels,
  title = {A Theory of Information-Flow Labels},
  author = {Beno\^it Montagu and
    Benjamin C. Pierce and
    Randy Pollack},
  month = jun,
  year = {2013},
  booktitle = {CSF}
}

@inproceedings{stefan:2011:dclabels,
  title={Disjunction Category Labels},
  author={Deian Stefan and Alejandro Russo and David Mazi\`eres and John C. Mitchell},
  booktitle={NordSec},
  year={2011},
}
@inproceedings{Badger:1995,
 author = {Badger, L. and Sterne, D. F. and Sherman, D. L. and Walker, K. M. and Haghighat, S. A.},
 title = {Practical Domain and Type Enforcement for {UNIX}},
 booktitle = {Security and Privacy},
 year = {1995},
} 
 

@Article{lampson:confinement,
 author = {Butler W. Lampson},
 title = {A note on the confinement problem},
 journal = {Communications of the {ACM}},
 volume = 16,
 number = 10,
 year = 1973,
 pages = {613--615},
}


@inproceedings{askarov:termination-insensitive,
 author = {Askarov, Aslan and Hunt, Sebastian and Sabelfeld, Andrei and Sands, David},
 title = {Termination-Insensitive Noninterference Leaks More Than Just a Bit},
 booktitle = {Proc. of the European Symp. on Research in Computer Security ({ESORICS})},
 year = 2008,
 publisher = {Springer-Verlag}
}

@InProceedings{stefan:addressing-covert,
  author =       {Deian Stefan and Alejandro Russo and Pablo Buiras and
                  Amit Levy and John C. Mitchell and David {Mazi\`eres}},
  title =        {Addressing Covert Termination and Timing Channels in
                  Concurrent Information Flow Systems},
  booktitle = {ICFP},
  year =         2012,
}

@inproceedings{DeGroef:2012,
 author = {De Groef, Willem and Devriese, Dominique and Nikiforakis, Nick and Piessens, Frank},
 title = {Flow{F}ox: a web browser with flexible and precise information flow control},
 booktitle = {CCS},
 year = {2012},
} 

@Techreport{ConDOM,
	title = "{ConDOM}: {C}ontaining the {DOM} for Safe Browsing",
	author = "Christoph Kerschbaumer and Eric Hennigan and Stephan Brunthaler and Per Larsen and Michael Franz",
	year = 2012,
	month = {October},
	number = "12-01",
	institution = "Department of Information and Computer Science, Univ. of California Irvine",
}

@inproceedings{Carlini:2012,
 author = {Carlini, Nicholas and Felt, Adrienne Porter and Wagner, David},
 title = {An evaluation of the {Google} {Chrome} extension security architecture},
 booktitle = {USENIX Security},
 year = {2012},
} 
 

@inproceedings{Devriese:2010,
 author = {D. Devriese and F. Piessens},
 title = {Noninterference through {S}ecure {M}ulti-{E}xecution},
 booktitle = {Security and Privacy},
 year = {2010},
} 

@inproceedings{ZanariniJR13,
  author = {Zanarini, Dante and Jaskelioff, Mauro and Russo, Alejandro},
  booktitle = CSF,
  isbn = {978-0-7695-5031-2},
  pages = {18-32},
  publisher = {IEEE},
  title = {Precise Enforcement of Confidentiality for Reactive Systems.},
  year = 2013
}

@misc{GoogleCaja,
    title     = "Google {C}aja. {A} source-to-source translator for securing {J}ava{S}cript-based web content",
    howpublished = "\url{http://code.google.com/p/google-caja/}",
   year = 2013
}



@article{Reis:2007,
 author = {Reis, Charles and Dunagan, John and Wang, Helen J. and Dubrovsky, Opher and Esmeir, Saher},
 title = {BrowserShield: Vulnerability-driven filtering of dynamic {HTML}},
 journal = {TWEB},
 month = sep,
 year = {2007},
 volume={1},
 number={3},
} 

@inproceedings{VanAcker:2011,
 author = {Van Acker, Steven and De Ryck, Philippe and Desmet, Lieven and Piessens, Frank and Joosen, Wouter},
 title = {Web{J}ail: least-privilege integration of third-party components in web mashups},
 booktitle = {ACSAC },
 year = {2011},
} 

@inproceedings{SafeScript,
  title={{SafeScript}: {JavaScript} Transformation for Policy Enforcement},
  author={Ter Louw, Mike and Phung, Phu H and Krishnamurti, Rohini and Venkatakrishnan, Venkat N},
  booktitle={Secure IT Systems},
  year={2013},
}
}

@inproceedings{JSFlow,
  title = {{JSFlow}: tracking information flow in {JavaScript} and its {API}s},
  author = {Daniel Hedin and Arnar Birgisson and Luciano Bello and Andrei Sabelfeld},
  year = {2014},
  booktitle = {{SAC}},
}



@misc{html5,
    author = "{WC3}",
    title     = "{HTML5}.", 
    howpublished = "\url{http://www.w3.org/TR/html5/}",
    year = 2013, 
}

@misc{whatwg-html,
  title={{HTML} Living Standard},
  author={{WHATWG}},
  howpublished="\url{http://developers.whatwg.org/}",
  year=2013,
}


@misc{csp,
    author = "{WC3}",
    title     = "{C}ontent {S}ecurity {P}olicy 1.0.", 
    howpublished = "\url{http://www.w3.org/TR/CSP/}",
    year = 2012, 
}

@misc{csp1.1,
    author = "{WC3}",
    title     = "{C}ontent {S}ecurity {P}olicy 1.1.",
    howpublished = "\url{https://dvcs.w3.org/hg/content-security-policy/raw-file/tip/csp-specification.dev.html}",
    year = 2013,
}

@misc{cors13,
    author = "{WC3}",
    title     = "{C}ross-{O}rigin {R}esource {S}haring.", 
    howpublished = "\url{http://www.w3.org/TR/cors/}",
    year = 2013, 
}

@techreport{rfc6454,
author = {Barth, Adam},
institution = {IETF},
title = {The Web Origin Concept},
url = {https://tools.ietf.org/html/rfc6454},
year = {2011}
}

@misc{googlehandbook,
author = {Michal Zelwski},
title = {Browser Security Handbook, part 2},
howpublished = {\url{HTtp://code.google.com/p/browsersec/wiki/Part2}},
year = {2011}
}

@misc{jsonp,
    author = "Ippolito, Bob",
    title     = "Remote {JSON} - {JSONP}",
    howpublished = "\url{http://bob.ippoli.to/archives/2005/12/05/remote-json-jsonp/}",
    year = 2005,
    month = Dec 
}


@misc{webmessaging,
    author = "{WC3}",
    title     = "{HTML5} Web Messaging.",
    howpublished = "\url{http://www.w3.org/TR/webmessaging/}",
    year = 2012, 
}


@misc{workers,
    author = "{WC3}",
    title     = "Web {W}orkers.",
    howpublished = "\url{http://www.w3.org/TR/workers/}",
    year = 2012, 
}

@misc{webidl,
    author = "{WC3}",
    title     = "{WebIDL}.",
    howpublished = "\url{http://www.w3.org/TR/WebIDL/}",
    year = 2013, 
}


@article{SaltzerS75,
  author = {Saltzer, Jerome H. and Schroeder, Michael D.},
  journal = {Proceedings of the IEEE},
  number = 9,
  pages = {1278-1308},
  title = {The protection of information in computer systems.},
  volume = 63,
  year = 1975
}

@inproceedings{giffin:2012:hails,
  title        = {Hails: Protecting Data Privacy in Untrusted Web Applications},
  author       = {Daniel B. Giffin and
                  Amit Levy and
                  Deian Stefan and
                  David Terei and
                  David Mazi\`eres and
                  John Mitchell and
                  Alejandro Russo },
  booktitle    = {10th Symposium on Operating Systems Design and Implementation (OSDI)},
  pages        = {47-60},
  year         = {2012},
  organization = {USENIX}
}


@inproceedings{Breeze13,
  author = {C\u{a}t\u{a}lin Hri\c{t}cu and Michael Greenberg and Ben
Karel and Benjamin C. Pierce and Greg Morrisett},
  title = {All Your IFCException Are Belong To Us},
  booktitle = {Security and Privacy},
  year = {2013},
}

@inproceedings{Zeldovich:2006,
 author = {Zeldovich, Nickolai and Boyd-Wickizer, Silas and Kohler, Eddie and Mazi\`{e}res, David},
 title = {Making Information Flow Explicit in {HiStar}},
 booktitle = {OSDI},
 year = {2006},
} 

@inproceedings{stefan:2011:flexible,
  title={Flexible Dynamic Information Flow Control in {Haskell}},
  author={Deian Stefan and Alejandro Russo and John C. Mitchell and David Mazi\`eres},
  booktitle={Haskell Symposium},
  year={2011},
}

@inproceedings{yang:2013:towards,
  title        = {Toward Principled Browser Security},
  author       = {Edward Yang and
                  Deian Stefan and
                  John Mitchell and
                  David Mazi\`eres and
                  Petr Marchenko and
                  Brad Karp },
  booktitle    = {HotOS},
  year         = {2013},
}

@inproceedings{stefan:2013:eliminating,
  title        = {Eliminating Cache-based Timing Attacks with
                  Instruction-based Scheduling},
  author       = {Deian Stefan and
                  Pablo Buiras and
                  Edward Z. Yang and
                  Amit Levy and
                  David Terei and
                  Alejandro Russo and
                  David Mazi\`eres},
  booktitle    = {The 18th European Symposium on Research in Computer Security (ESORICS) 2013 },
  year         = {2013}
}

@inproceedings{buiras2013library,
  title={A Library for Removing Cache-based Attacks in Concurrent Information Flow Systems},
  author={Buiras, Pablo and Levy, Amit and Stefan, Deian and Russo, Alejandro and Mazieres, David},
  booktitle={8th International Symposium on Trustworthy Global Computing (TGC 2013)},
  year={2013},
  series = {LNCS},
  publisher = {Springer},
}
@inproceedings{miller2003paradigm,
  title={Paradigm regained: Abstraction mechanisms for access control},
  author={Miller, Mark S and Shapiro, Jonathan S},
  booktitle={ASIAN},
  year={2003},
}

@phdthesis{miller2006robust,
  title={Robust composition: towards a unified approach to access control and concurrency control},
  author={Miller, Mark Samuel},
  year={2006},
  school={Johns Hopkins University}
}

@misc{addon-sdk,
    author = "{Mozilla}",
    title     = "Add-on Builder and {SDK}",
    howpublished = "\url{https://addons.mozilla.org/en-US/developers/docs/sdk/}",
    year = 2013, 
}
@article{wagner2011compartmental,
  title={Compartmental memory management in a modern web browser},
  author={Wagner, Gregor and Gal, Andreas and Wimmer, Christian and Eich, Brendan and Franz, Michael},
  journal={SIGPLAN Notices},
  volume={46},
  number={11},
  year={2011},
}

@misc{VanKesteren2012,
abstract = {This document defines a mechanism to enable client-side cross-origin requests. Specifications that enable an API to make cross-origin requests to resources can use the algorithms defined by this specification. If such an API is used on http://example.org resources, a resource on http://hello-world.example can opt in using the mechanism described by this specification (e.g., specifying Access-Control-Allow-Origin: http://example.org as response header), which would allow that resource to be fetched cross-origin from http://example.org.},
author = {{Van Kesteren}, Anne},
booktitle = {W3C},
title = {{Cross-Origin Resource Sharing}},
howpublished = {\url{http://www.w3.org/TR/cors/}},
year = {2012}
}
@book{thidpartyjs,
  title={Third-party {J}ava{S}cript},
  author={Vinegar, Ben and Kovalyov, Anton},
  year={2013},
  publisher={Manning Publ.}
}

@article{barth2009securing,
  title={Securing frame communication in browsers},
  author={Barth, A. and Jackson, C. and Mitchell, J.C.},
  journal={Communications of the ACM},
  volume={52},
  number={6},
  pages={83--91},
  year={2009},
  publisher={ACM}
}
@inproceedings{kerschbaum2007simple,
  title={Simple cross-site attack prevention},
  author={Kerschbaum, Florian},
  booktitle={Security and Privacy in Communications Networks and the Workshops, 2007. SecureComm 2007. Third International Conference on},
  pages={464--472},
  year={2007},
  organization={IEEE}
}

@inproceedings{selfex,
  title={Self-Exfiltration: The Dangers of Browser-Enforced Information Flow Control},
  author={Chen, Eric Y and Gorbaty, Sergey and Singhal, Astha and Jackson, Collin},
  booktitle={Web 2.0 Security and Privacy},
  year={2012}
}

@misc{checker1,
  title = {},
  author = {Steve Moitozo},
  howpublished = {\url{http://www.geekwisdom.com/js/passwordmeter.js}},
  year = 2006
}

@misc{quantcast,
    title     = "j{Q}uery {U}sage {S}tatistics: Websites using j{Q}uery",
    howpublished = "\url{http://trends.builtwith.com/javascript/jQuery}",
year = 2014
}
@article{mashupos,
  title={Protection and communication abstractions for web browsers in {MashupOS}},
  author={Wang, Helen J and Fan, Xiaofeng and Howell, Jon and Jackson, Collin},
  journal={ACM SIGOPS Operating Systems Review},
  volume={41},
  number={6},
  year={2007},
}

@misc{ecma,
    author = "{Ecma International}",
    title     = "{ECMAScript} Language Specification.",
    howpublished = "\url{http://www.w3.org/TR/workers}",
    year = 2011, 
}

@techreport{scriptpolice,
author = {Petr Marchenko and Ulfar Erlingsson and Brad Karp},
institution = {UCL},
title = {Keeping Sensitive Data in Browsers Safe with {ScriptPolice}},
number = {RN/13/02},
month = {January},
year = {2013}
}

@inproceedings{cheng:aeolus,
  title={Abstractions for usable information flow control in {Aeolus}},
  author={Cheng, W. and Ports, D.R.K. and Schultz, D. and Popic, V. and Blankstein, A. and Cowling, J. and Curtis, D. and Shrira, L. and Liskov, B.},
  booktitle={Proceedings of the 2012 USENIX Annual Technical Conference},
  year={2012}
}
@inproceedings{politz2011type,
  title={Type-based verification of {J}ava{S}cript sandboxing},
  author={Politz, Joe Gibbs and Eliopoulos, Spiridon Aristides and Guha, Arjun and Krishnamurthi, Shriram},
  booktitle={USENIX Security},
  year={2011}
}

@inproceedings {djs,
author = {Karthikeyan Bhargavan and Antoine Delignat-Lavaud and Sergio Maffeis},
title = {Language-based Defenses Against Untrusted Browser Origins},
booktitle = {USENIX Security},
year = {2013}
}

@misc{mdn-sandbox,
    author = "Mozilla Developer Network",
    title     = "{Components.utils.Sandbox}",
    howpublished = "\url{https://developer.mozilla.org/en-US/docs/Components.utils.Sandbox}",
    year = 2014, 
    month = April
}
@inproceedings{sjcl,
  title={Symmetric cryptography in {J}ava{S}cript},
  author={Stark, Emily and Hamburg, Michael and Boneh, Dan},
  booktitle={ACSAC},
  year={2009},
}


@inproceedings{Rafnsson:2013,
 author = {Rafnsson, Willard and Sabelfeld, Andrei},
 title = {Secure Multi-execution: Fine-Grained, Declassification-Aware, and Transparent},
 booktitle = {{CSF}}, 
 year = {2013},
} 


@misc{dromaeo,
    author = "John Reisg",
    title     = "Dromaeo: {JavaScript} performance testing",
    howpublished = "\url{http://dromaeo.com/}",
    year = 2014, 
}

@inproceedings{Howell:2013,
 author = {Howell, Jon and Parno, Bryan and Douceur, John R.},
 title = {Embassies: Radically Refactoring the {W}eb},
 booktitle = {{NSDI}},
 year = {2013},
} 

@Misc{mint.com,
  title = 	 {Mint},
  howpublished = 	 {\url{http://www.mint.com/}},
  year = 2013
}

@inproceedings{postman,
  title={The postman always rings twice: Attacking and defending post{M}essage in {HTML5} websites},
  author={Son, Sooel and Shmatikov, Vitaly},
  booktitle={NDSS},
  year={2013}
}

@misc{CSRF,
author = {Vibber, Brion},
booktitle = {Wikimedia Bugzilla},
title = {{CSRF token-stealing attack (user.tokens)}},
howpublished = {\url{https://bugzilla.wikimedia.org/show\_bug.cgi?id=34907}},
year = {2014}
}

@inproceedings{efstathopoulos:asbestos,
  author = 	 {Petros Efstathopoulos and Maxwell Krohn
                  and Steve VanDeBogart and Cliff Frey
                  and David Ziegler and Eddie Kohler
                  and David Mazi{\`e}res
                  and Frans Kaashoek and Robert Morris},
  title = 	 {Labels and Event Processes in the {A}sbestos Operating System},
  booktitle = 	 {{OSDI}},
  year = 	 2005,
}
@inproceedings{kotcher2013cross,
  title={Cross-origin pixel stealing: timing attacks using {CSS} filters},
  author={Kotcher, Robert and Pei, Yutong and Jumde, Pranjal and Jackson, Collin},
  booktitle={CCS},
  year={2013},
}


@inproceedings{sirer2011logical,
  title={Logical attestation: an authorization architecture for trustworthy computing},
  author={Sirer, Emin G{\"u}n and de Bruijn, Willem and Reynolds, Patrick and Shieh, Alan and Walsh, Kevin and Williams, Dan and Schneider, Fred B},
  booktitle={SOSP},
  year={2011},
}

@inproceedings{stoughton2014you,
  title={You Sank My Battleship!: A Case Study in Secure Programming},
  author={Stoughton, Alley and Johnson, Andrew and Beller, Samuel and Chadha, Karishma and Chen, Dennis and Foner, Kenneth and Zhivich, Michael},
  booktitle={Proceedings of the Ninth Workshop on Programming Languages and Analysis for Security},
  pages={2},
  year={2014},
  organization={ACM}
}

@article{dlm,
  title={Protecting privacy using the decentralized label model},
  author={Myers, Andrew C and Liskov, Barbara},
  journal={TOSEM},
  volume={9},
  number={4},
  year={2000},
}


@TechReport{miller:capability,
  author =       {Mark S. Miller and Ka-Ping Yee and Jonathan Shapiro},
  title =        {Capability Myths Demolished},
  institution =  {Johns Hopkins University Systems Research Laboratory},
  year =         2003,
  number =       {SRL2003-02},
  note =         {\url{http://zesty.ca/capmyths/usenix.pdf}}
}
@misc{faster-csp,
  title = {Faster {C}ontent {S}ecurity {P}olicy ({CSP})},
  author = {Christoph Kerschbaumer},
  howpublished = {\url{https://blog.mozilla.org/security/2014/09/10/faster-csp/}},
  year = 2014,
}
