@inproceedings{hails,
  title        = {Hails: Protecting Data Privacy in Untrusted Web Applications},
  author       = {Daniel B. Giffin and
                  Amit Levy and
                  Deian Stefan and
                  David Terei and
                  David Mazi\`eres and
                  John Mitchell and
                  Alejandro Russo },
  booktitle    = {OSDI},
  year         = {2012},
}
@misc{csp,
author = {Sterne, Brandon and Barth, Adam},
booktitle = {W3C},
title = {{Content Security Policy 1.0}},
howpublished = {\url{http://www.w3.org/TR/CSP/}},
year = {2012}
}
@inproceedings{lio,
  title={Flexible Dynamic Information Flow Control in {Haskell}},
  author={Deian Stefan and Alejandro Russo and John C. Mitchell and David Mazi\`eres},
  booktitle={Haskell Symposium},
  year={2011},
}
@inproceedings{histar,
  author = 	 {Nickolai Zeldovich and Silas Boyd-Wickizer
                  and Eddie Kohler and David Mazi{\`e}res},
  title = 	 {Making Information Flow Explicit in {HiStar}},
  booktitle =	 {OSDI},
  year =	 2006,
}

@inproceedings{hotos,
  title        = {Toward Principled Browser Security},
  author       = {Edward Yang and
                  Deian Stefan and
                  John Mitchell and
                  David Mazi\`eres and
                  Petr Marchenko and
                  Brad Karp },
  booktitle    = {HotOS XIV},
  year         = {2013},
}

